@article {AHG:AHG2137,
author = {FISHER, R. A.},
title = {THE USE OF MULTIPLE MEASUREMENTS IN TAXONOMIC PROBLEMS},
journal = {Annals of Eugenics},
volume = {7},
number = {2},
publisher = {Blackwell Publishing Ltd},
issn = {2050-1439},
url = {http://dx.doi.org/10.1111/j.1469-1809.1936.tb02137.x},
doi = {10.1111/j.1469-1809.1936.tb02137.x},
pages = {179--188},
year = {1936},
}
