@article { gvenir1998learning,
  journal = "Artificial Intelligence in Medicine",
  author = "H Altay Güvenir and Gülsen Demiröz and Nilsel Ilter",
  title = "Learning differential diagnosis of erythemato-squamous diseases using voting feature intervals",
  pages = "147",
  volume = "13",
  year = "1998",
}