
@Book{AJALMAR,
  ALTauthor = 	 {AJALMAR RÊGO DA ROCHA NETO},
  ALTeditor = 	 {Editor},
  title = 	 {SINPATCO II: NOVAS ESTRATÉGIAS DE APRENDIZADO DE MÁQUINA PARA CLASSIFICAÇÃO DE PATOLOGIAS DA COLUNA VERTEBRAL},
  publisher = 	 {UNIVERSIDADE FEDERAL DO CEARÁ},
  year = 	 {2011},
}
@Book{Duda,
  ALTauthor = 	 {R.O. Duda, P.E. Hart, and D.G. Stork},
  ALTeditor = 	 {Wiley},
  title = 	 {Pattern Classification},
  publisher = 	 {Wiley},
  year = 	 {2001},
  OPTvolume = 	 {Chapter 4},
  OPTaddress = 	 {New York}
}